% $Id$

@Book{learnSpark,
author = {Holden Karau, Andy Konwinski, Patrick Wendell, Matei Zaharia},
title = {Learning Spark},
year = {2015}
}

@Book{HPerfomance,
author = {Holden Karau, Rachel Warren},
title = {High Perfomance Spark},
year = {2017},
}

@Book{learnSpark,
author = {Holden Karau, Andy Konwinski, Patrick Wendell, Matei Zaharia},
title = {Learning Spark},
year = {2015},
}

@Book{stdg,
author = {Bill Chambers, Matei Zaharia},
title = {Learning Spark},
year = {2018},
}

@misc{khoa,
title = {[Code Reading] Narrow Dependency and Wide Dependency Implementation in Spark},
howpublished = {https://trongkhoanguyen.com/spark/code-reading-narrow-dependency-and-wide-dependency-implementation-in-spark/},
year = {2015},
note = {Accedido el x-x-2018},
}
@misc{motif,
title = {Motif Analysis using Apache Spark GraphFrames},
howpublished = {http://www.twesdai.com/2017/09/15/motif-analysis-using-apache-spark-graphframes/},
year = {2017},
note = {Accedido el 12-6-2018},
}

@misc{graphFramesGuide,
title = {GraphFrames User Guide},
howpublished = {http://graphframes.github.io/user-guide.html},
note = {Accedido el x-x-2018},
}